---
---
References
==========

@article{Gupta1992,
author = {C. K. Gupta and N. Krishnamurthy and},
title = {Extractive metallurgy of rare earths},
journal = {International Materials Reviews},
volume = {37},
number = {1},
pages = {197--248},
year = {1992},
publisher = {Taylor \& Francis},
doi = {10.1179/imr.1992.37.1.197},
URL = { 
    
        https://doi.org/10.1179/imr.1992.37.1.197
}
}