---
---
Rare Earth Elements Bibliograph
==========

% Rare Earths Article
@article{Gupta1992,
author = {C. K. Gupta and N. Krishnamurthy and},
title = {Extractive metallurgy of rare earths},
journal = {International Materials Reviews},
volume = {37},
number = {1},
pages = {197--248},
year = {1992},
publisher = {Taylor \& Francis},
doi = {10.1179/imr.1992.37.1.197},
URL = { 
    
        https://doi.org/10.1179/imr.1992.37.1.197
}
}

@online{Rowlatt2014,
  author       = {Justin Rowlatt},
  title        = {Rare earths: Neither rare, nor earths},
  year         = {2014},
  month        = {March},
  day          = {23},
  url          = {https://www.bbc.com/news/magazine-26687605}
}

@misc{NaturalResourcesCanada2022,
  author       = {{Natural Resources Canada}},
  title        = {Rare Earth Elements Facts},
  year         = {2022},
  month        = {February},
  day          = {3}
}

@incollection{Peelman2016,
title = {Chapter 21 - Leaching of Rare Earth Elements: Review of Past and Present Technologies},
editor = {Ismar {Borges De Lima} and Walter {Leal Filho}},
booktitle = {Rare Earths Industry},
publisher = {Elsevier},
address = {Boston},
pages = {319-334},
year = {2016},
isbn = {978-0-12-802328-0},
doi = {https://doi.org/10.1016/B978-0-12-802328-0.00021-8},
url = {https://www.sciencedirect.com/science/article/pii/B9780128023280000218},
author = {Sebastiaan Peelman and Zhi H.I. Sun and Jilt Sietsma and Yongxiang Yang},
}

@article{Dent2012,
  title={Rare earth elements and permanent magnets},
  author={Dent, Peter C},
  journal={Journal of applied physics},
  volume={111},
  number={7},
  year={2012},
  publisher={AIP Publishing}
}

@misc{aemree_dysprosium_2025,
  author       = {AEM REE},
  title        = {The Incredible Uses of Dysprosium: Empowering High-Tech and Green Energy Solutions},
  year         = {2025},
  month        = {January},
  day          = {10},
  url          = {https://www.aemree.com/news/uses-of-dysprosium.html},
}

@misc{stanfordmagnets_neodymium,
  author       = {Stanford Magnets},
  title        = {Neodymium Magnets in Electroacoustic Devices},
   url = {https://www.stanfordmagnets.com/neodymium-magnets-in-electroacoustic-devices.html},
}
@article{Gaddam2019,
  title={The structural role of lanthanum oxide in silicate glasses},
  author={Gaddam, Anuraag and Fernandes, Hugo R and Tulyaganov, Dilshat U and Ferreira, Jos{\'e} MF},
  journal={Journal of Non-Crystalline Solids},
  volume={505},
  pages={18--27},
  year={2019},
  publisher={Elsevier}
}

@misc{european_commission_critical_2023,
  author       = {{European Commission}},
  title        = {Critical Raw Materials},
  year         = {2023},
  month        = {March},
  day          = {16},
  url          = {https://single-market-economy.ec.europa.eu/sectors/raw-materials/areas-specific-interest/critical-raw-materials_en}
}
@article{zhang2023,
author = {Zhang, Runqian and Azimi, Gisele},
year = {2023},
month = {08},
pages = {},
title = {Separation of Praseodymium and Neodymium from Heavy Rare Earth Elements Using Extractant-Impregnated Surfaces Loaded with 2-Ethylhexyl Phosphonic Acid-mono-2-ethylhexyl Ester (PC88A)},
volume = {62},
journal = {Industrial & Engineering Chemistry Research},
doi = {10.1021/acs.iecr.3c01547}
}
@online{wikipedia_neodymium,
  title        = {Neodymium magnet},
  author       = {Wikipedia contributors},
  year         = {2024},
  url          = {https://en.wikipedia.org/wiki/Neodymium_magnet}
}

@article{Dey2020,
title = {Cerium catalysts applications in carbon monoxide oxidations},
journal = {Materials Science for Energy Technologies},
volume = {3},
pages = {6-24},
year = {2020},
issn = {2589-2991},
doi = {https://doi.org/10.1016/j.mset.2019.09.003},
url = {https://www.sciencedirect.com/science/article/pii/S2589299119301028},
author = {Subhashish Dey and Ganesh Chandra Dhal}
}
@book{Gschneidner1964,
  title={Rare earths: the fraternal fifteen},
  author={Gschneidner, Karl A},
  year={1964},
  publisher={US Atomic Energy Commission, Division of Technical Information}
}

@book{Boysen2011,
  title={Nanotechnology for dummies},
  author={Boysen, Earl and Muir, Nancy C},
  year={2011},
  publisher={John Wiley \& Sons}
}

@book{Voncken2016,
  title={The rare earth elements: an introduction},
  author={Voncken, Jakobus Hubertus Lambertus},
  year={2016},
  publisher={Springer}
}
@article{Janovs2016,
  title={Chemical mechanical glass polishing with cerium oxide: Effect of selected physico-chemical characteristics on polishing efficiency},
  author={Jano{\v{s}}, Pavel and Ederer, Jakub and Pila{\v{r}}ov{\'a}, V{\v{e}}ra and Henych, Ji{\v{r}}{\'\i} and Tolasz, Jakub and Milde, David and Opletal, Tom{\'a}{\v{s}}},
  journal={Wear},
  volume={362},
  pages={114--120},
  year={2016},
  publisher={Elsevier}
}

@article{Zhang2017,
title = {An economics strategy for criticality â€“ Application to rare earth element Yttrium in new lighting technology and its sustainable availability},
journal = {Renewable and Sustainable Energy Reviews},
volume = {77},
pages = {899-915},
year = {2017},
issn = {1364-0321},
doi = {https://doi.org/10.1016/j.rser.2016.12.127},
url = {https://www.sciencedirect.com/science/article/pii/S1364032116311820},
author = {Kuangyuan Zhang and Andrew N. Kleit and Antonio Nieto},
}


